<?xml version="1.0" encoding="UTF-8"?><collection xmlns="http://www.loc.gov/MARC21/slim"><record><leader>00544nam--2200193-u-4500</leader><controlfield tag="001">000053542</controlfield><controlfield tag="002">20161230</controlfield><controlfield tag="005">20161230201051</controlfield><controlfield tag="008">110412s1000------------r-----000-0-eng-d</controlfield><datafield ind1=" " ind2=" " tag="020"><subfield code="a">9201073046</subfield></datafield><datafield ind1=" " ind2=" " tag="040"><subfield code="a">IFIN-HH</subfield></datafield><datafield ind1=" " ind2=" " tag="080"><subfield code="a">615.849:616-006(0.064)</subfield></datafield><datafield ind1="1" ind2=" " tag="100"><subfield code="a">Podgorsak, E.B</subfield></datafield><datafield ind1="1" ind2="0" tag="245"><subfield code="a">Radiation oncology physics:</subfield><subfield code="b">A handbook for teachers and students</subfield><subfield code="c">E.b. podgorsak (technical editor)</subfield></datafield><datafield ind1=" " ind2=" " tag="260"><subfield code="a">Vienna</subfield><subfield code="b">Iaea</subfield><subfield code="c">2005</subfield></datafield><datafield ind1=" " ind2=" " tag="300"><subfield code="a">657P</subfield></datafield><datafield ind1=" " ind2="4" tag="650"><subfield code="a">Radioistope Scanning</subfield></datafield><datafield ind1=" " ind2=" " tag="852"><subfield code="a">81619</subfield><subfield code="c">61</subfield></datafield><datafield ind1=" " ind2=" " tag="CAT"><subfield code="a">Sys</subfield><subfield code="c">20110412</subfield><subfield code="h">151408</subfield></datafield></record></collection>